
@article{Strips,
  author =       "Richard E. Fikes, Nils J. Nilsson",
  title =        "STRIPS: A New Approach to the Application of Theorem Proving to Problem Solving",
  journal =      "Artificial Intelligence",
  volume =       "2",
  pages =        "189--208",
  year =         "1971",
  DOI =          "http://ai.stanford.edu/~nilsson/OnlinePubs-Nils/PublishedPapers/strips.pdf"
}
@article{PlanningGraphs,
  author =       "Daniel Bryce, Subbarao Kambhampati",
  title =        "A Tutorial on Planning Graph-Based Reachability Heuristics",
  year =         "2007",
  DOI =          "http://www.cs.toronto.edu/~sheila/2542/s14/material/brykam-relheur-aim07.pdf"
}
@article{HmHeuristic,
  author =       "Patrik Haslum, Blai Bonet, Hector Geffner",
  title =        "New Admissible Heuristics for Domain-Independent Planning",
  year =         "2005",
  DOI =          "https://www.aaai.org/Papers/AAAI/2005/AAAI05-184.pdf"
}
@article{PDDL2.1,
  author =       "Maria Fox, Derek Long",
  title =        "pddl2.1: An Extension to pddl for Expressing Temporal Planning Domain",
  journal =      "Artificial Intelligence Research",
  volume =       "20",
  pages =        "61--124",
  year =         "2003",
  DOI =          "https://www.jair.org/media/1129/live-1129-2132-jair.pdf"
}
@article{PDDL2.2,
  author =       "Stefan Edelkamp, Jorg Hoffmann",
  title =        "PDDL2.2: The Language for the Classical Part of the International Planning Competition",
  year =         "2004",
  DOI =          "https://www.researchgate.net/publication/228567744_PDDL2_2_The_language_for_the_classical_part_of_the_4th_international_planning_competition"
}
@article{PDDL1.2,
  author =       "AIPS-98 Planning Competition Committee",
  title =        "PDDL - The Planning Domain Definition Language version 1.2",
  year =         "1998",
  DOI =          "http://homepages.inf.ed.ac.uk/mfourman/tools/propplan/pddl.pdf"
}
@article{PDDL3,
  author =       "Alfonso Gerevini, Derek Long",
  title =        "Preferences and Soft Constraints in PDDL3",
  year =         "2005",
  DOI =          "http://www.cs.yale.edu/homes/dvm/papers/pddl-ipc5.pdf"
}
@article{FFPlanningSystem,
  author =       "Jorg Hoffmann, Bernhard Nebel",
  title =        "The FF Planning System: Fast Plan Generation Through Heuristic Search",
  journal =      "Artificial Intelligence Research",
  volume =       "14",
  pages =        "253--302",
  year =         "2001",
  DOI =          "http://www.cs.toronto.edu/~sheila/2542/s14/A1/hoffmannebel-FF-jair01.pdf"
}
@article{ArvandHerd,
  author =       "Richard Valenzano, Hootan Nakhost, Martin Muller",
  title =        "ArvandHerd: Parallel Planning with a Portfolio",
  year =         "2011",
  DOI =          "https://webdocs.cs.ualberta.ca/~mmueller/ps/arvandherd.pdf"
}
@article{ConciseDomain,
  author =       "Malte Helmert",
  title =        "Concise Finite-Domain Representation for PDDL Planning Tasks",
  journal =      "Artificial Intelligence",
  volume =       "173",
  pages =        "503--535",
  year =         "2009",
  DOI =          "http://ac.els-cdn.com/S0004370208001926/1-s2.0-S0004370208001926-main.pdf?_tid=87eb7262-3162-11e6-afeb-00000aacb35f&acdnat=1465821173_d97ddbe9a2703f51dda458b7b95fe002"
}
@article{SurverySat,
  author =       "Jun Gu, Paul W. Purdon, John Franco",
  title =        "Algorithms for the Satisfiability (SAT) Problem: A Survey",
  journal =      "DIMACS Series in Discrete Mathematics and Theoretical Computer Science",
  year =         "1996",
  DOI =          "http://citeseerx.ist.psu.edu/viewdoc/download;jsessionid=67BBCE044D04F18F16567A9F3255B00C?doi=10.1.1.41.2697&rep=rep1&type=pdf"
}
@article{HeuristicDomain,
  author =       "Jorg Hoffmann",
  title =        "A Heuristic for Domain Independent Planning and its Use in an Enforced Hill-Climbing Algorithm",
  year =         "2000",
  DOI =          "https://www.ics.uci.edu/~dechter/courses/ics-271/fall-06/project/j.hoffmann00.pdf"
}
@article{MinimumCostPaths,
  author =       "Peter E. Hart, Nils J. Nilsson, Bertram Raphael",
  title =        "A Formal Basis for the Heuristic Determination of Minimum Cost Paths",
  journal =      "IEEE Transactions of Systems Science and Cybernetics",
  volume =       "4",
  number =        "2",
  year =         "1968",
  DOI =         "http://ai.stanford.edu/~nilsson/OnlinePubs-Nils/PublishedPapers/astar.pdf"
}
@article{1998IPC,
  author =       "Drew McDermott",
  title =        "The 1998 AI Planning Systems Competition",
  journal =      "AI Magazine",
  volume =       "21",
  number =        "2",
  year =         "1998",
  DOI =         "http://www.aaai.org/ojs/index.php/aimagazine/article/view/1506/1405"
}
@article{StochasticHillClimb,
  author =       "Jia-Hong Wu, Rajesh Kalyanam, Robert Givan",
  title =        "Stochastic Enforced Hill-Climbing",
  journal =      "ICAPS",
  year =         "2005",
  DOI =         "https://www.aaai.org/Papers/ICAPS/2008/ICAPS08-049.pdf"
}
@article{FFPlanner,
  author =       "Jorg Hoffmann",
  title =        "FF: The Fast-Forward Planning System",
  journal =      "Artificial Intelligence Research",
  volume =       "14",
  pages =        "253--302",
  year =         "2001",
  DOI =         "http://www.cs.toronto.edu/~sheila/2542/s14/A1/hoffmannebel-FF-jair01.pdf"
}
@article{SATandSAT4J,
  author =       "Daniel Le Berre, Anne Parrain",
  title =        "The Sat4j Library, Release 2.2",
  journal =      "Satisfiability, Boolean Modeling and Computation",
  volume =       "7",
  pages =        "59--64",
  year =         "2010",
  DOI =         "http://www.cs.toronto.edu/~sheila/2542/s14/A1/hoffmannebel-FF-jair01.pdf"
}
@article{IgnoringDeleteLists,
  author =       "Jorg Hoffmann",
  title =        "Where 'Ignoring Delete Lists' Works: Local Search Topology in Planning Benchmarks",
  journal =      "Artificial Intelligence Research",
  volume =       "24",
  pages =        "685--758",
  year =         "2005",
  DOI =         "http://www.jair.org/media/1747/live-1747-2543-jair.pdf"
}
@article{FastDownward,
  author =       "Malte Helmert",
  title =        "The Fast Downward Planning System",
  journal =      "Artificial Intelligence Research",
  volume =       "26",
  pages =        "191--246",
  year =         "2006",
  DOI =         "http://www.jair.org/media/1705/live-1705-2731-jair.pdf"
}
@article{HeuristicNewResults,
  author =       "Blai Bonet, Hector Geffner",
  title =        "Planning as Heuristic Search: New Results",
  journal =      "Recent Advances in AI Planning",
  volume =       "1809",
  pages =        "360--372",
  year =         "1999",
  DOI =         "www.dtic.upf.edu/~hgeffner/html/reports/hsp-r.ps"
}
@article{PlanningHeuristic,
  author =       "Blai Bonet, Hector Geffner",
  title =        "Planning as Heuristic Search",
  journal =      "Artificial Intelligence",
  volume =       "129",
  pages =        "5--33",
  year =         "2001",
  DOI =         "http://www.cs.toronto.edu/~sheila/2542/s14/A1/bonetgeffner-heusearch-aij01.pdf"
}
@article{SteveCook,
  author =       "Stephen A. Cook",
  title =        "The Complexity of Theorem-Proving Procedures",
  journal =      "Proceedings Third Annual ACM Theory of Computing",
  year =         "1971",
  DOI =         "http://www.cs.utoronto.ca/~sacook/homepage/1971.pdf"
}
@article{AdmissibleHeuristic,
  author =       "Patrik Haslum",
  title =        "Admissible Heuristics for Optimal Planning",
  journal =      "Proceedings From AIPS",
  year =         "2000",
  DOI =         "https://www.aaai.org/Papers/AIPS/2000/AIPS00-015.pdf"
}
@article{Evaluation,
  author =       "Carlos Lopez, Malte Helmert, Sergio Jimenez",
  title =        "Automating the Evaluation of Planning Systems",
  journal =      "AI Communications",
  volume =       "26",
  pages =        "331--354",
  year =         "2013",
  DOI =         "http://www.dtic.upf.edu/~sjimenez/publications/carlos-aicom13/carlos-aicom13.pdf"
}
@article{VAL,
  author =       "R. Howey, D. Long, M. Fox",
  title =        "VAL: automatic plan validation, continuous effects and mixed initiative planning using PDDL",
  journal =      "Tools with Artificial Intelligence",
  volume =       "16",
  pages =        "294--301",
  year =         "2004",
  DOI =         "http://citeseerx.ist.psu.edu/viewdoc/download?doi=10.1.1.133.7467&rep=rep1&type=pdf"
}
@article{BlackBox,
  author =       "Henry Kautz and Bart Selmen",
  title =        "Blackbox: A New Approach to the Application of Theorem Proving to Problem Solving",
  journal =      "Workshop on Planning as Combinatorial Search",
  year =         "1998",
  DOI =         "http://www.cs.rochester.edu/u/kautz/papers/aips98-kautz.ps"
}
@article{SATPLAN,
  author =       "Henery Kautz, Bart Selman, Jorg Hoffmann",
  title =        "SatPlan: Planning as Satisfiability",
  journal =      "Abstracts of the 5th International Planning Competition",
  year =         "2006",
  DOI =         "http://www.cs.rochester.edu/u/kautz/papers/kautz-satplan06.pdf"
}
@article{hmAdmissible,
  author =       "Patrik Haslum",
  title =        "Admissible Heuristics for Automated Planning",
  year =         "2006",
  DOI =         "https://www.ida.liu.se/divisions/aiics/publications/Thesis-2006-Admissible-Heuristics-Automated.pdf"
}
@article{CasualGraph,
  author =       "Malte Helmert, Hector Geffner",
  title =        "Unifying the Casual Graph and Additive Heuristics",
  journal =      "Advancement of Artificial Intelligence",
  year =         "2008",
  DOI =         "http://www.dtic.upf.edu/~hgeffner/malte-icaps08.pdf"
}
@book{PlanningBook,
    author    = "Malik Ghallab, Dana Nau, Paola Traverso",
    title     = "Automated Planning, Theory and Practice",
    year      = "2004",
    publisher = "Elsevier",
    address   = "San Francisco"
}
@book{Nilson,
    author    = "Nilsson, Nils J",
    title     = "Principles of Artificial Intelligence",
    year      = "1982",
    publisher = "Springer",
    address   = "Berlin"
}
@book{Pearl,
    author    = "Judea Pearl",
    title     = "Heuristics: Intelligent Search Strategies for Computer Problem Solving",
    year      = "1984",
    publisher = "Addison Wesely",
    address   = "USA"
}
 
@book{AModernApproach,
    author    = "Stuart J. Russell, Peter Norvig ",
    title     = "Artificial Intelligence: A Modern Approach",
    year      = "2004",
    publisher = "Alan Apt",
    address   = "New Jersey"
}
@online{ManhattanDistance,
    author    = "Paul E. Black",
    title     = "Manhattan Distance",
    url       = "http://www.nist.gov/dads/HTML/manhattanDistance.html"
}
@online{Conjunctive,
    author    = "Encyclopedia of Mathematics",
    title     = "Conjunctive Normal Form",
    url       = "http://www.encyclopediaofmath.org/index.php"
}
@online{AutomaticPlanning,
    author    = "Jorg Hoffmann",
    title     = "Automatic Planning PDDL",
    url       = "http://fai.cs.uni-saarland.de/teaching/winter13-14/planning-material/planning03-pddl-post-handout.pdf"
}
@online{ICAPS,
    author    = "ICAPS",
    title     = "International Planning Competition",
    url       = "http://www.icaps-conference.org/index.php/Main/Competitions"
}
@online{PlateauEHC,
    author    = "Andrew Coles, Amanda Smith",
    title     = "Marvin: A Heuristic Search Planner with Online Macro-Action Learning",
    url       = "http://www.cs.cmu.edu/afs/cs/project/jair/pub/volume28/coles07a-html"
}
@online{InformedSearch,
    author    = "Stuart Russell, Richard Korf",
    title     = "Informed Search Algorithms",
    url       = "https://courses.cs.washington.edu/courses/csep573/11wi/lectures/03-hsearch.pdf"
}
@online{IPC2004W,
    author    = "IPC 2004",
    title     = "International Planning Competition Winners",
    url       = "http://idm-lab.org/wiki/icaps/ipc2004/deterministic/"
}
@online{ICAPS2002,
    author    = "IPC 2004",
    title     = "International Planning Competition 2002",
    url       = "http://ipc02.icaps-conference.org/"
}
@online{FDownwardDoc,
    author    = "Malte Helmert",
    title     = "Fast Downward Heuristic Documentation",
    url       = "www.fast-downward.org/Doc/Heuristic"
}
@online{GNU,
    author    = "GNU",
    title     = "GNU Parallel",
    url       = "http://www.gnu.org/software/parallel/"
}
@online{ValidityDef,
    author    = "Google",
    title     = "Validity Definition",
    url       = "https://www.google.fr/search?client=ubuntu&channel=fs&q=when+actions+are&ie=utf-8&oe=utf-8&gfe_rd=cr&ei=5epOV46QMcGAaPjxqqgC#channel=fs&q=validity+definition"
}
@online{GreedyOnline,
    author    = "Andrew Coles, Amanda Smith",
    title     = "Greedy Best-First Search when EHC Fails",
    url       = "http://www.cs.cmu.edu/afs/cs/project/jair/pub/volume28/coles07a-html/node11.html#modifiedbestfs"
}